@MISC{knoll2019symbtools,
  author = {Knoll, Carsten and Heedt, Robert},
  title = {Lagrangian {M}odel {T}ools -- {P}ython {T}oolbox zur symbolischen {M}odellbildung},
  year = {2019},
   note = "\url{https://github.com/TUD-RST/symbtools}"
}
